@Book{xie2015,
  title = {Dynamic Documents with {R} and knitr},
  author = {Yihui Xie},
  publisher = {Chapman and Hall/CRC},
  address = {Boca Raton, Florida},
  year = {2015},
  edition = {2nd},
  note = {ISBN 978-1498716963},
  url = {http://yihui.name/knitr/},
}
@article{ahu61,
   author = {Arrow, Kenneth J. and Leonid Hurwicz and Hirofumi Uzawa},
   title = {Constraint qualifications in maximization problems},
   journal = {Naval Research Logistics Quarterly},
   volume = {8},
   year = {1961},
   pages = {175-191}
}
@online{WinNT,
  author = {MultiMedia LLC},
  title = {{MS Windows NT} Kernel Description},
  url = {http://web.archive.org/web/20080207010024/http://www.808multimedia.com/winnt/kernel.htm},
  year = {accessed 2010-09-30},
  urldate = {2010-09-30}
}
