@Manual{R-ape,
  title = {ape: Analyses of Phylogenetics and Evolution},
  author = {Emmanuel Paradis and Simon Blomberg and Ben Bolker and Joseph Brown and Julien Claude and Hoa Sien Cuong and Richard Desper and Gilles Didier and Benoit Durand and Julien Dutheil and RJ Ewing and Olivier Gascuel and Thomas Guillerme and Christoph Heibl and Anthony Ives and Bradley Jones and Franz Krah and Daniel Lawson and Vincent Lefort and Pierre Legendre and Jim Lemon and Eric Marcon and Rosemary McCloskey and Johan Nylander and Rainer Opgen-Rhein and Andrei-Alin Popescu and Manuela Royer-Carenzi and Klaus Schliep and Korbinian Strimmer and Damien {de Vienne}},
  year = {2018},
  note = {R package version 5.2},
  url = {https://CRAN.R-project.org/package=ape},
}
@Manual{R-base,
  title = {R: A Language and Environment for Statistical Computing},
  author = {{R Core Team}},
  organization = {R Foundation for Statistical Computing},
  address = {Vienna, Austria},
  year = {2018},
  url = {https://www.R-project.org/},
}
@Manual{R-bindrcpp,
  title = {bindrcpp: An 'Rcpp' Interface to Active Bindings},
  author = {Kirill Müller},
  year = {2018},
  note = {R package version 0.2.2},
  url = {https://CRAN.R-project.org/package=bindrcpp},
}
@Manual{R-bookdown,
  title = {bookdown: Authoring Books and Technical Documents with R Markdown},
  author = {Yihui Xie},
  year = {2018},
  note = {R package version 0.8},
  url = {https://CRAN.R-project.org/package=bookdown},
}
@Manual{R-class,
  title = {class: Functions for Classification},
  author = {Brian Ripley},
  year = {2015},
  note = {R package version 7.3-14},
  url = {https://CRAN.R-project.org/package=class},
}
@Manual{R-dplyr,
  title = {dplyr: A Grammar of Data Manipulation},
  author = {Hadley Wickham and Romain François and Lionel Henry and Kirill Müller},
  year = {2018},
  note = {R package version 0.7.8},
  url = {https://CRAN.R-project.org/package=dplyr},
}
@Manual{R-e1071,
  title = {e1071: Misc Functions of the Department of Statistics, Probability
Theory Group (Formerly: E1071), TU Wien},
  author = {David Meyer and Evgenia Dimitriadou and Kurt Hornik and Andreas Weingessel and Friedrich Leisch},
  year = {2018},
  note = {R package version 1.7-0},
  url = {https://CRAN.R-project.org/package=e1071},
}
@Manual{R-forcats,
  title = {forcats: Tools for Working with Categorical Variables (Factors)},
  author = {Hadley Wickham},
  year = {2018},
  note = {R package version 0.3.0},
  url = {https://CRAN.R-project.org/package=forcats},
}
@Manual{R-ggplot2,
  title = {ggplot2: Create Elegant Data Visualisations Using the Grammar of Graphics},
  author = {Hadley Wickham and Winston Chang and Lionel Henry and Thomas Lin Pedersen and Kohske Takahashi and Claus Wilke and Kara Woo},
  year = {2018},
  note = {R package version 3.1.0},
  url = {https://CRAN.R-project.org/package=ggplot2},
}
@Manual{R-knitr,
  title = {knitr: A General-Purpose Package for Dynamic Report Generation in R},
  author = {Yihui Xie},
  year = {2018},
  note = {R package version 1.20},
  url = {https://CRAN.R-project.org/package=knitr},
}
@Manual{R-purrr,
  title = {purrr: Functional Programming Tools},
  author = {Lionel Henry and Hadley Wickham},
  year = {2018},
  note = {R package version 0.2.5},
  url = {https://CRAN.R-project.org/package=purrr},
}
@Manual{R-qiimer,
  title = {qiimer: Work with QIIME Output Files in R},
  author = {Kyle Bittinger},
  year = {2015},
  note = {R package version 0.9.4},
  url = {https://CRAN.R-project.org/package=qiimer},
}
@Manual{R-randomForest,
  title = {randomForest: Breiman and Cutler's Random Forests for Classification and
Regression},
  author = {Leo Breiman and Adele Cutler and Andy Liaw and Matthew Wiener},
  year = {2018},
  note = {R package version 4.6-14},
  url = {https://CRAN.R-project.org/package=randomForest},
}
@Manual{R-readr,
  title = {readr: Read Rectangular Text Data},
  author = {Hadley Wickham and Jim Hester and Romain Francois},
  year = {2017},
  note = {R package version 1.1.1},
  url = {https://CRAN.R-project.org/package=readr},
}
@Manual{R-reshape2,
  title = {reshape2: Flexibly Reshape Data: A Reboot of the Reshape Package},
  author = {Hadley Wickham},
  year = {2017},
  note = {R package version 1.4.3},
  url = {https://CRAN.R-project.org/package=reshape2},
}
@Manual{R-rmarkdown,
  title = {rmarkdown: Dynamic Documents for R},
  author = {JJ Allaire and Yihui Xie and Jonathan McPherson and Javier Luraschi and Kevin Ushey and Aron Atkins and Hadley Wickham and Joe Cheng and Winston Chang},
  year = {2018},
  note = {R package version 1.10},
  url = {https://CRAN.R-project.org/package=rmarkdown},
}
@Manual{R-Rtsne,
  title = {Rtsne: T-Distributed Stochastic Neighbor Embedding using a Barnes-Hut
Implementation},
  author = {Jesse Krijthe},
  year = {2018},
  note = {R package version 0.15},
  url = {https://CRAN.R-project.org/package=Rtsne},
}
@Manual{R-stringr,
  title = {stringr: Simple, Consistent Wrappers for Common String Operations},
  author = {Hadley Wickham},
  year = {2018},
  note = {R package version 1.3.1},
  url = {https://CRAN.R-project.org/package=stringr},
}
@Manual{R-tibble,
  title = {tibble: Simple Data Frames},
  author = {Kirill Müller and Hadley Wickham},
  year = {2018},
  note = {R package version 1.4.2},
  url = {https://CRAN.R-project.org/package=tibble},
}
@Manual{R-tidyr,
  title = {tidyr: Easily Tidy Data with 'spread()' and 'gather()' Functions},
  author = {Hadley Wickham and Lionel Henry},
  year = {2018},
  note = {R package version 0.8.2},
  url = {https://CRAN.R-project.org/package=tidyr},
}
@Manual{R-tidyverse,
  title = {tidyverse: Easily Install and Load the 'Tidyverse'},
  author = {Hadley Wickham},
  year = {2017},
  note = {R package version 1.2.1},
  url = {https://CRAN.R-project.org/package=tidyverse},
}
@Manual{R-tree,
  title = {tree: Classification and Regression Trees},
  author = {Brian Ripley},
  year = {2018},
  note = {R package version 1.0-39},
  url = {https://CRAN.R-project.org/package=tree},
}
@Manual{R-usedist,
  title = {usedist: Distance Matrix Utilities},
  author = {Kyle Bittinger},
  year = {2017},
  note = {R package version 0.1.0},
  url = {https://CRAN.R-project.org/package=usedist},
}
